<record><leader>00000cas a2200000 a 4500</leader><controlfield tag="001">10858565</controlfield><controlfield tag="008">840619d18351836vtuwr ne      0    0eng d</controlfield><datafield ind1=" " ind2=" " tag="010"><subfield code="a">sn 84023303 </subfield></datafield><datafield ind1=" " ind2=" " tag="040"><subfield code="a">AQM</subfield><subfield code="b">eng</subfield><subfield code="c">AQM</subfield><subfield code="d">NPX</subfield><subfield code="d">CNW</subfield><subfield code="d">NVN</subfield><subfield code="d">OCL</subfield><subfield code="d">NVN</subfield><subfield code="d">OCLCQ</subfield><subfield code="d">OCLCF</subfield><subfield code="d">OCLCO</subfield></datafield><datafield ind1=" " ind2=" " tag="042"><subfield code="a">msc</subfield></datafield><datafield ind1=" " ind2=" " tag="043"><subfield code="a">n-us-vt</subfield></datafield><datafield ind1="0" ind2="0" tag="245"><subfield code="a">Vermont Republican &amp; courier. Windsor &amp; Orange County advertiser.</subfield></datafield><datafield ind1="3" ind2=" " tag="246"><subfield code="a">Vermont Republican and courier Windsor and Orange County advertiser</subfield></datafield><datafield ind1="1" ind2="3" tag="246"><subfield code="a">Republican &amp; courier</subfield></datafield><datafield ind1=" " ind2=" " tag="260"><subfield code="a">Woodstock, Vt. :</subfield><subfield code="b">[B.F. Kendall],</subfield><subfield code="c">1835-1836.</subfield></datafield><datafield ind1=" " ind2=" " tag="300"><subfield code="a">v.</subfield></datafield><datafield ind1=" " ind2=" " tag="310"><subfield code="a">Weekly</subfield></datafield><datafield ind1="0" ind2=" " tag="362"><subfield code="a">Courier v. 5, no. 20 (Jan. 9, 1835)-v. 6, no. 52 (Aug 18, 1836) = Republican v. 27, no. 7-v. 28, no. 39.</subfield></datafield><datafield ind1=" " ind2=" " tag="500"><subfield code="a">Editor: B.F. Kendall, 1835-1836.</subfield></datafield><datafield ind1=" " ind2=" " tag="500"><subfield code="a">Publishers: J.B. &amp; S.I Chase &amp; Co., 1836.</subfield></datafield><datafield ind1=" " ind2=" " tag="500"><subfield code="a">Printer: C.K. Smith &amp; Co., 1835-1836.</subfield></datafield><datafield ind1=" " ind2=" " tag="580"><subfield code="a">Formed by the union of: Vermont courier (Woodstock, Vt. : 1833), and: Vermont Republican &amp; journal. Windham, Windsor &amp; Orange County advertiser.</subfield></datafield><datafield ind1=" " ind2="0" tag="651"><subfield code="a">Woodstock (Vt.)</subfield><subfield code="v">Newspapers.</subfield></datafield><datafield ind1=" " ind2="0" tag="651"><subfield code="a">Vermont</subfield><subfield code="v">Newspapers.</subfield></datafield><datafield ind1=" " ind2="7" tag="655"><subfield code="a">Newspapers.</subfield><subfield code="2">fast</subfield><subfield code="0">(OCoLC)fst01423814</subfield></datafield><datafield ind1=" " ind2="7" tag="651"><subfield code="a">Vermont.</subfield><subfield code="2">fast</subfield><subfield code="0">(OCoLC)fst01204305</subfield></datafield><datafield ind1=" " ind2="7" tag="651"><subfield code="a">Vermont</subfield><subfield code="z">Woodstock.</subfield><subfield code="2">fast</subfield><subfield code="0">(OCoLC)fst01211519</subfield></datafield><datafield ind1="1" ind2=" " tag="700"><subfield code="a">Kendall, B. F.</subfield></datafield><datafield ind1=" " ind2=" " tag="752"><subfield code="a">United States</subfield><subfield code="b">Vermont</subfield><subfield code="c">Windsor</subfield><subfield code="d">Woodstock.</subfield></datafield><datafield ind1="1" ind2="4" tag="780"><subfield code="t">Vermont courier (Woodstock, Vt. : 1833)</subfield><subfield code="w">(DLC)sn 84023302</subfield><subfield code="w">(OCoLC)10858330</subfield></datafield><datafield ind1="1" ind2="4" tag="780"><subfield code="t">Vermont Republican &amp; journal. Windham, Windsor &amp; Orange County advertiser</subfield><subfield code="w">(DLC)sn 84022157</subfield><subfield code="w">(OCoLC)10294358</subfield></datafield><datafield ind1="0" ind2="0" tag="785"><subfield code="t">Vermont courier (Woodstock, Vt. : 1836)</subfield><subfield code="w">(DLC)sn 84023304</subfield><subfield code="w">(OCoLC)10858386</subfield></datafield></record>